<record><leader>00000cas a22000007a 4500</leader><controlfield tag="001">17485615</controlfield><controlfield tag="008">880216d19831988iauwr ne      0    0eng d</controlfield><datafield ind1=" " ind2=" " tag="010"><subfield code="a">sn 88059224 </subfield></datafield><datafield ind1=" " ind2=" " tag="040"><subfield code="a">INP</subfield><subfield code="b">eng</subfield><subfield code="c">INP</subfield><subfield code="d">OCLCQ</subfield></datafield><datafield ind1=" " ind2=" " tag="042"><subfield code="a">msc</subfield></datafield><datafield ind1="0" ind2="0" tag="245"><subfield code="a">Coralville weekly courier.</subfield></datafield><datafield ind1="1" ind2="3" tag="246"><subfield code="a">Weekly courier</subfield></datafield><datafield ind1="1" ind2="7" tag="246"><subfield code="a">Solon economist, Coralville weekly courier, the leader</subfield></datafield><datafield ind1=" " ind2=" " tag="260"><subfield code="a">Coralville, Iowa :</subfield><subfield code="b">R. Porter and G. Foley,</subfield><subfield code="c">1983-1988.</subfield></datafield><datafield ind1=" " ind2=" " tag="300"><subfield code="a">6 v.</subfield></datafield><datafield ind1=" " ind2=" " tag="310"><subfield code="a">Weekly</subfield></datafield><datafield ind1="0" ind2=" " tag="362"><subfield code="a">Vol. 1, issue 46 (Sept. 1, 1983)-v. 6, no. 2 (Jan. 13, 1988).</subfield></datafield><datafield ind1=" " ind2=" " tag="500"><subfield code="a">Publisher varies.</subfield></datafield><datafield ind1=" " ind2=" " tag="752"><subfield code="a">United States</subfield><subfield code="b">Iowa</subfield><subfield code="c">Johnson</subfield><subfield code="d">Coralville.</subfield></datafield><datafield ind1="0" ind2="0" tag="780"><subfield code="t">Weekly courier (Coralville, Iowa)</subfield><subfield code="w">(DLC)sn 85050806</subfield></datafield><datafield ind1="0" ind2="0" tag="785"><subfield code="t">Weekly courier (Iowa City, Iowa)</subfield><subfield code="w">(DLC)sn 88059320</subfield></datafield></record>